%% This BibTeX bibliography file was created using BibDesk.
%% http://bibdesk.sourceforge.net/


%% Created for Steven Bedrick at 2016-03-02 17:07:11 -0800 


%% Saved with string encoding Unicode (UTF-8) 



@techreport{National-Institute-of-Neurological-Disorders-and-Stroke:2014la,
	Author = {{{National Institute of Neurological Disorders and Stroke}}},
	Date-Added = {2016-03-03 00:18:57 +0000},
	Date-Modified = {2016-03-03 00:22:59 +0000},
	Lastchecked = {January 26, 2015},
	Title = {{{NINDS}} Aphasia Information Page},
	Url = {http://www.ninds.nih.gov/disorders/aphasia/aphasia.htm},
	Year = {2014}}

@incollection{Raymer:2001ve,
	Author = {Raymer, A. M. and Rothi, L. J. G.},
	Booktitle = {Language Intervention Strategies in Aphasia and Related Neurogenic Communication Disorders},
	Date-Added = {2016-03-03 00:17:11 +0000},
	Date-Modified = {2016-03-03 00:18:35 +0000},
	Editor = {Chapey, R.},
	Pages = {606-625},
	Publisher = {Lippincott Williams & Wilkins},
	Title = {Impairments of Word Comprehension and Production},
	Year = {2001}}

@unpublished{McCallumMALLET,
	Author = {Andrew Kachites McCallum},
	Date-Modified = {2016-03-03 01:07:11 +0000},
	Note = {http://mallet.cs.umass.edu},
	Title = {{MALLET}: A Machine Learning for Language Toolkit},
	Year = 2002}

@inproceedings{RoarkOpenGRM,
	Acmid = {2390481},
	Address = {Stroudsburg, PA, USA},
	Author = {Roark, Brian and Sproat, Richard and Allauzen, Cyril and Riley, Michael and Sorensen, Jeffrey and Tai, Terry},
	Booktitle = {Proceedings of the ACL 2012 System Demonstrations},
	Date-Modified = {2016-03-03 01:07:03 +0000},
	Location = {Jeju Island, Korea},
	Numpages = {6},
	Pages = {61--66},
	Publisher = {Association for Computational Linguistics},
	Series = {ACL '12},
	Title = {The {OpenGrm} Open-source Finite-state Grammar Software Libraries},
	Url = {http://dl.acm.org/citation.cfm?id=2390470.2390481},
	Year = {2012},
	Bdsk-Url-1 = {http://dl.acm.org/citation.cfm?id=2390470.2390481}}
