%% Created using Papers on Thu, 03 Mar 2016.
%% http://papersapp.com/papers/

@article{Szabo:2014kt,
author = {Szabo, Gretchen and Dittelman, Janice},
title = {{Using mobile technology with individuals with aphasia: native iPad features and everyday apps.}},
journal = {Seminars in speech and language},
year = {2014},
volume = {35},
number = {1},
pages = {5--16},
month = feb
}

@article{Ramsberger:2007ew,
author = {Ramsberger, Gail and Marie, Basem},
title = {{Self-Administered Cued Naming Therapy: A Single-Participant Investigation of a Computer-Based Therapy Program Replicated in Four Cases}},
journal = {American Journal of Speech-Language Pathology},
year = {2007},
volume = {16},
number = {4},
pages = {343--358},
month = nov,
annote = {10.1044/1058-0360(2007/038)}
}

@article{vanSanten199349,
author = {Van Santen, Jan P H},
title = {{Perceptual experiments for diagnostic testing of text-to-speech systems}},
journal = {Computer Speech {\&} Language},
year = {1993},
volume = {7},
number = {1},
pages = {49--100}
}

@article{Horton:2007aa,
author = {Horton, Simon},
title = {{Topic generation in aphasia language therapy sessions: Issues of identity}},
journal = {Aphasiology},
year = {2007},
volume = {21},
number = {3-4},
pages = {283--298}
}

@article{Leger:2007ue,
author = {L{\'e}ger, Gabriel C and Johnson, Nancy},
title = {{A review on primary progressive aphasia.}},
journal = {Neuropsychiatric disease and treatment},
year = {2007},
volume = {3},
number = {6},
pages = {745--752},
month = dec
}

@article{Mesulam:2014go,
author = {Mesulam, M. Marsel and Rogalski, Emily J and Wieneke, Christina and Hurley, Robert S and Geula, Changiz and Bigio, Eileen H and Thompson, Cynthia K and Weintraub, Sandra},
title = {{Primary progressive aphasia and the evolving neurology of the language network.}},
journal = {Nature reviews. Neurology},
year = {2014},
volume = {10},
number = {10},
pages = {554--569},
month = oct
}

@article{YOUDEN:1950ws,
author = {YOUDEN, W J},
title = {{Index for rating diagnostic tests.}},
journal = {Cancer},
year = {1950},
volume = {3},
number = {1},
pages = {32--35},
month = jan
}

@article{Thistle:2015cp,
author = {Thistle, Jennifer J and Wilkinson, Krista M},
title = {{Building Evidence-based Practice in AAC Display Design for Young Children: Current Practices and Future Directions.}},
journal = {Augmentative and alternative communication (Baltimore, Md. : 1985)},
year = {2015},
volume = {31},
number = {2},
pages = {124--136},
month = jun
}

@article{Dell:1997wj,
author = {Dell, G S and Schwartz, M F and Martin, N and Saffran, E M and Gagnon, D A},
title = {{Lexical access in aphasic and nonaphasic speakers.}},
journal = {Psychological review},
year = {1997},
volume = {104},
number = {4},
pages = {801--838},
month = oct
}

@article{Hula:2015kz,
author = {Hula, William D and Kellough, Stacey and Fergadiotis, Gerasimos},
title = {{Development and Simulation Testing of a Computerized Adaptive Version of the Philadelphia Naming Test.}},
journal = {Journal of Speech, Language, and Hearing Research},
year = {2015},
volume = {58},
number = {3},
pages = {878--890},
month = jun
}

@webpage{Cantor:1996vh,
author = {Cantor, Alan},
title = {{Sample-Size Calculations for Cohen's Kappa.}},
year = {1996},
url = {http://ovidsp.ovid.com/ovidweb.cgi?T=JS&PAGE=reference&D=ovftb&NEWS=N&AN=00060744-199606000-00003}
}

@article{Fotiadou:2014aa,
author = {Fotiadou, Dimitra and Northcott, Sarah and Chatzidaki, Ariadni and Hilari, Katerina},
title = {{Aphasia blog talk: How does stroke and aphasia affect a person's social relationships?}},
journal = {Aphasiology},
year = {2014},
volume = {28},
number = {11},
pages = {1281--1300}
}

@article{doi:10.1080/02687038.2014.996521,
author = {Zheng, Carmen and Lynch, Lauren and Taylor, Nicholas},
title = {{Effect of computer therapy in aphasia: a systematic review}},
journal = {Aphasiology},
year = {2016},
volume = {30},
number = {2-3},
pages = {211--244}
}

@article{Jacobs:2004jv,
author = {Jacobs, B and Drew, R and Ogletree, B T and Pierce, K},
title = {{Augmentative and Alternative Communication (AAC) for adults with severe aphasia: where we stand and how we can go further.}},
journal = {Disability and rehabilitation},
year = {2004},
volume = {26},
number = {21-22},
pages = {1231--1240},
month = nov
}

@article{Knopman:2011jh,
author = {Knopman, David S and Roberts, Rosebud O},
title = {{Estimating the number of persons with frontotemporal lobar degeneration in the US population.}},
journal = {Journal of molecular neuroscience : MN},
year = {2011},
volume = {45},
number = {3},
pages = {330--335},
month = nov
}

@article{MacWhinney:2011er,
author = {MacWhinney, Brian and Fromm, Davida and Forbes, Margaret and Holland, Audrey},
title = {{AphasiaBank: Methods for Studying Discourse.}},
journal = {Aphasiology},
year = {2011},
volume = {25},
number = {11},
pages = {1286--1307}
}

@article{Mesulam:1987fv,
author = {Mesulam, M. Marsel},
title = {{Primary progressive aphasia--differentiation from Alzheimer's disease.}},
journal = {Annals of neurology},
year = {1987},
volume = {22},
number = {4},
pages = {533--534},
month = oct
}

@article{Brandenburg:2013aa,
author = {Brandenburg, Caitlin and Worrall, Linda and Rodriguez, Amy D and Copland, David},
title = {{Mobile computing technology and aphasia: An integrated review of accessibility and potential uses}},
journal = {Aphasiology},
year = {2013},
volume = {27},
number = {4},
pages = {444--461}
}

@article{vanDijk:2015gz,
author = {van Dijk, Mariska J and de Man-van Ginkel, Janneke M and Hafsteinsd{\'o}ttir, Th{\'o}ra B and Schuurmans, Marieke J},
title = {{Identifying depression post-stroke in patients with aphasia: A systematic review of the reliability, validity and feasibility of available instruments.}},
journal = {Clinical rehabilitation},
year = {2015},
pages = {0269215515599665},
month = aug
}

@article{Westbury:1997ih,
author = {Westbury, Chris and Bub, Dan},
title = {{Primary progressive aphasia: a review of 112 cases.}},
journal = {Brain and language},
year = {1997},
volume = {60},
number = {3},
pages = {381--406},
month = dec
}

@article{Black:2012ha,
author = {Black, Rolf and Waller, Annalu and Turner, Ross and Reiter, Ehud},
title = {{Supporting Personal Narrative for Children with Complex Communication Needs}},
journal = {Transactions on Computer-Human Interaction (TOCHI},
year = {2012},
volume = {19},
number = {2},
month = jul
}

@article{BMSP:BMSP253,
author = {Gwet, Kilem Li},
title = {{Computing inter-rater reliability and its variance in the presence of high agreement}},
journal = {British Journal of Mathematical and Statistical Psychology},
year = {2008},
volume = {61},
number = {1},
pages = {29--48}
}

@inproceedings{fraser-EtAl:2014:W14-32,
author = {Fraser, Kathleen C and Hirst, Graeme and Graham, Naida L and Meltzer, Jed A and Black, Sandra E and Rochon, Elizabeth},
title = {{Comparison of different feature sets for identification of variants in progressive aphasia}},
booktitle = {Proceedings of the Workshop on Computational Linguistics and Clinical Psychology: From Linguistic Signal to Clinical Reality},
year = {2014},
pages = {17--26},
publisher = {Association for Computational Linguistics},
address = {Baltimore, Maryland, USA},
month = jun
}

@article{FriedOken:2015io,
author = {Fried-Oken, Melanie and Daniels, Darlene and Ettinger, Olivia and Mooney, Aimee and Noethe, Glory and Rowland, Charity},
title = {{What's on Your Mind? Conversation Topics Chosen by People With Degenerative Cognitive-Linguistic Disorders for Communication Boards.}},
journal = {American journal of speech-language pathology / American Speech-Language-Hearing Association},
year = {2015},
volume = {24},
number = {2},
pages = {272--280},
month = may
}

@article{Goodglass:1994dp,
author = {Goodglass, Harold and Christiansen, Julie Ann and Gallagher, Roberta E},
title = {{Syntatic constructions used by agrammatic speakers: Comparison with conduction aphasics and normals.}},
journal = {Neuropsychology},
year = {1994},
volume = {8},
number = {4},
pages = {598--613}
}

@article{Levelt:1999ta,
author = {Levelt, WJ},
title = {{Models of word production.}},
journal = {Trends in cognitive sciences},
year = {1999},
volume = {3},
number = {6},
pages = {223--232},
month = jun
}

@article{Engelter:2006da,
author = {Engelter, Stefan T and Gostynski, Michal and Papa, Susanna and Frei, Maya and Born, Claudia and Ajdacic-Gross, Vladeta and Gutzwiller, Felix and Lyrer, Phillipe A},
title = {{Epidemiology of aphasia attributable to first ischemic stroke: incidence, severity, fluency, etiology, and thrombolysis.}},
journal = {Stroke; a journal of cerebral circulation},
year = {2006},
volume = {37},
number = {6},
pages = {1379--1384},
month = jun
}

@article{Gotts:2004bc,
author = {Gotts, Stephen J and Plaut, David C},
title = {{Connectionist approaches to understanding aphasic perseveration.}},
journal = {Seminars in speech and language},
year = {2004},
volume = {25},
number = {4},
pages = {323--334},
month = nov
}

@article{Davidson:2003aa,
author = {Davidson, Bronwyn and Worrall, Linda and Hickson, Louise},
title = {{Identifying the communication activities of older people with aphasia: Evidence from naturalistic observation}},
journal = {Aphasiology},
year = {2003},
volume = {17},
number = {3},
pages = {243--264}
}

@article{Kurland:2014hj,
author = {Kurland, Jacquie and Wilkins, Abigail R and Stokes, Polly},
title = {{iPractice: piloting the effectiveness of a tablet-based home practice program in aphasia treatment.}},
journal = {Seminars in speech and language},
year = {2014},
volume = {35},
number = {1},
pages = {51--63},
month = feb
}

@article{Hallgren:2012wu,
author = {Hallgren, Kevin A},
title = {{Computing Inter-Rater Reliability for Observational Data: An Overview and Tutorial.}},
journal = {Tutorials in quantitative methods for psychology},
year = {2012},
volume = {8},
number = {1},
pages = {23--34}
}

@article{Amici:2006uq,
author = {Amici, Serena and Gorno-Tempini, Maria Luisa and Ogar, Jennifer M and Dronkers, Nina F and Miller, Bruce L},
title = {{An overview on Primary Progressive Aphasia and its variants.}},
journal = {Behavioural neurology},
year = {2006},
volume = {17},
number = {2},
pages = {77--87}
}

@article{Griffith:2014ce,
author = {Griffith, Julie and Dietz, Aimee and Weissling, Kristy},
title = {{Supporting narrative retells for people with aphasia using augmentative and alternative communication: photographs or line drawings? Text or no text?}},
journal = {American journal of speech-language pathology / American Speech-Language-Hearing Association},
year = {2014},
volume = {23},
number = {2},
pages = {S213--24},
month = may
}

@article{Donner:1996wn,
author = {Donner, Allan and Klar, Neil},
title = {{The statistical analysis of kappa statistics in multiple samples.}},
journal = {Journal of clinical epidemiology},
year = {1996},
volume = {49},
number = {9},
pages = {1053--1058},
month = sep
}

@article{DeLong:1988tf,
author = {DeLong, Elizabeth R and DeLong, David M and Clarke-Pearson, Daniel L},
title = {{Comparing the areas under two or more correlated receiver operating characteristic curves: a nonparametric approach.}},
journal = {Biometrics},
year = {1988},
volume = {44},
number = {3},
pages = {837--845},
month = sep
}

@article{Fergadiotis:2015gp,
author = {Fergadiotis, Gerasimos and Kellough, Stacey and Hula, William D},
title = {{Item Response Theory Modeling of the Philadelphia Naming Test.}},
journal = {Journal of Speech, Language, and Hearing Research},
year = {2015},
volume = {58},
number = {3},
pages = {865--877},
month = jun
}

@article{Oja:2004bl,
author = {Oja, Hannu and Randles, Ronald H},
title = {{Multivariate Nonparametric Tests}},
journal = {Statistical Science},
year = {2004},
volume = {19},
number = {4},
pages = {598--605},
month = nov
}

@article{Holmes:1996ka,
author = {Holmes, D and Singh, S},
title = {{A stylometric analysis of conversational speech of aphasic patients}},
journal = {Literary and Linguistic Computing},
year = {1996},
volume = {11},
number = {3},
pages = {133--140},
month = sep
}

@article{Flack:1988gv,
author = {Flack, V F and Afifi, A A and Lachenbruch, P A and Schouten, H J A},
title = {{Sample size determinations for the two rater kappa statistic}},
journal = {Psychometrika},
year = {1988},
volume = {53},
number = {3},
pages = {321--325},
month = sep
}

@article{Mesulam:1992vt,
author = {Mesulam, M. Marsel and Weintraub, Sandra},
title = {{Spectrum of primary progressive aphasia.}},
journal = {Bailli{\`e}re's clinical neurology},
year = {1992},
volume = {1},
number = {3},
pages = {583--609},
month = nov
}

@article{Davidson:2008fp,
author = {Davidson, Bronwyn and Howe, Tami and Worrall, Linda and Hickson, Louise and Togher, Leanne},
title = {{Social participation for older people with aphasia: the impact of communication disability on friendships.}},
journal = {Topics in stroke rehabilitation},
year = {2008},
volume = {15},
number = {4},
pages = {325--340},
month = jul
}

@article{Holland:2012bv,
author = {Holland, Audrey L and Weinberg, Pat and Dittelman, Janice},
title = {{How to use apps clinically in the treatment of aphasia.}},
journal = {Seminars in speech and language},
year = {2012},
volume = {33},
number = {3},
pages = {223--233},
month = aug
}

@article{Ash:2006bd,
author = {Ash, S and Moore, P and Antani, S and McCawley, G and Work, M and Grossman, M},
title = {{Trying to tell a tale: discourse impairments in progressive aphasia and frontotemporal dementia.}},
journal = {Neurology},
year = {2006},
volume = {66},
number = {9},
pages = {1405--1413},
month = may
}

@article{Hux:2010aa,
author = {Hux, Karen and Buechter, Megan and Wallace, Sarah and Weissling, Kristy},
title = {{Using visual scene displays to create a shared communication space for a person with aphasia}},
journal = {Aphasiology},
year = {2010},
volume = {24},
number = {5},
pages = {643--660}
}

@article{doi:10.1080/02687030344000580,
author = {Doesborgh, Suzanne and van de Sandt Koenderman, Mieke and Dippel, Diederik and van Harskamp, Frans and Koudstaal, Peter and Brink, Evy Visch},
title = {{Cues on request: The efficacy of Multicue, a computer program for wordfinding therapy}},
journal = {Aphasiology},
year = {2004},
volume = {18},
number = {3},
pages = {213--222}
}

@article{Fried-Oken:2012aa,
author = {Fried-Oken, Melanie and Rowland, Charity and Daniels, Darlene and Dixon, Mayling and Fuller, Bret and Mills, Carolyn and Noethe, Glory and Small, Jeon and Still, Kevin and Oken, Barry},
title = {{AAC to Support Conversation in Persons with Moderate Alzheimer's Disease}},
journal = {Augmentative and Alternative Communication},
year = {2012},
volume = {28},
number = {4},
pages = {219--231}
}

@article{Mesulam:1982ey,
author = {Mesulam, M. Marsel},
title = {{Slowly progressive aphasia without generalized dementia.}},
journal = {Annals of neurology},
year = {1982},
volume = {11},
number = {6},
pages = {592--598},
month = jun
}

@article{True:2010iz,
author = {True, Gala and Bartlett, Megan R and Fink, Ruth B and Linebarger, Marcia C and Schwartz, Myrna},
title = {{Perspectives of persons with aphasia towards SentenceShaper To Go: A qualitative study}},
journal = {Aphasiology},
year = {2009},
volume = {24},
number = {9},
pages = {1032--1050},
month = dec
}

@article{FriedOken:2015hp,
author = {Fried-Oken, Melanie and Mooney, Aimee and Peters, Betts},
title = {{Supporting communication for patients with neurodegenerative disease.}},
journal = {Neurorehabilitation},
year = {2015},
volume = {37},
number = {1},
pages = {69--87}
}

@article{Rogalski:2009wx,
author = {Rogalski, E J and Mesulam, M. Marsel},
title = {{Clinical trajectories and biological features of primary progressive aphasia (PPA).}},
journal = {Current Alzheimer research},
year = {2009},
volume = {6},
number = {4},
pages = {331--336},
month = aug
}

@article{Fleiss:1969jc,
author = {Fleiss, Joseph L and Cohen, Jacob and Everitt, B S},
title = {{Large sample standard errors of kappa and weighted kappa.}},
journal = {Psychological Bulletin},
year = {1969},
volume = {72},
number = {5},
pages = {323--327},
month = nov
}

@article{Mayer:2003kp,
author = {Mayer, Jamie and Murray, Laura},
title = {{Functional measures of naming in aphasia: Word retrieval in confrontation naming versus connected speech}},
journal = {Aphasiology},
year = {2003},
volume = {17},
number = {5},
pages = {481--497},
month = jan,
annote = {doi: 10.1080/02687030344000148}
}

@inproceedings{fraser-EtAl:2014:W14-34,
author = {Fraser, Kathleen C and Hirst, Graeme and Meltzer, Jed A and Mack, Jennifer E and Thompson, Cynthia K},
title = {{Using statistical parsing to detect agrammatic aphasia}},
booktitle = {Proceedings of BioNLP 2014},
year = {2014},
pages = {134--142},
publisher = {Association for Computational Linguistics},
address = {Baltimore, Maryland},
month = jun
}

@article{Kagan:2001uq,
author = {Kagan, A and Black, S E and Duchan, F J and Simmons-Mackie, N and Square, P},
title = {{Training volunteers as conversation partners using "Supported Conversation for Adults with Aphasia" (SCA): a controlled trial.}},
journal = {Journal of speech, language, and hearing research : JSLHR},
year = {2001},
volume = {44},
number = {3},
pages = {624--638},
month = jun
}

@article{PurdyDietz2010,
author = {Purdy, Mary and Dietz, Aimee},
title = {{Factors Influencing AAC Usage by Individuals With Aphasia}},
journal = {SIG 12 Perspectives on Augmentative and Alternative Communication},
year = {2010},
volume = {19},
number = {3},
pages = {70--78}
}

@article{Choi:2015ky,
author = {Choi, Yoon-Hee and Park, Hae Kyung and Ahn, Ki-hwan and Son, Yeon-joo and Paik, Nam-Jong},
title = {{A Telescreening Tool to Detect Aphasia in Patients with Stroke}},
journal = {Telemedicine journal and e-health : the official journal of the American Telemedicine Association},
year = {2015},
volume = {21},
number = {9},
pages = {729--734},
month = sep,
annote = {doi: 10.1089/tmj.2014.0207}
}

@article{Barnhart:2002vy,
author = {Barnhart, Huiman X and Williamson, John M},
title = {{Weighted Least-Squares Approach for Comparing Correlated Kappa}},
journal = {Biometrics},
year = {2002},
volume = {58},
number = {4},
pages = {1012--1019},
month = dec
}

@article{Aftonomos:1997en,
author = {Aftonomos, Lefkos B and Steele, Richard D and Wertz, Robert T},
title = {{Promoting recovery in chronic aphasia with an interactive technology}},
journal = {Archives of Physical Medicine {\&} Rehabilitation},
year = {1997},
volume = {78},
number = {8},
pages = {841--846},
month = aug,
annote = {doi: 10.1016/S0003-9993(97)90197-0}
}

@article{Dalemans:2010fg,
author = {Dalemans, Ruth J P and de Witte, Luc and Wade, Derick and van den Heuvel, Wim},
title = {{Social participation through the eyes of people with aphasia.}},
journal = {International journal of language {\&} communication disorders / Royal College of Speech {\&} Language Therapists},
year = {2010},
volume = {45},
number = {5},
pages = {537--550},
month = sep
}

@article{Dietz:2006,
author = {Dietz, Aimee and McKelvey, Miechelle and Beukelman, David R},
title = {{Visual Scene Displays (VSD): New AAC Interfaces for Persons With Aphasia}},
journal = {SIG 12 Perspectives on Augmentative and Alternative Communication},
year = {2006},
volume = {15},
number = {1},
pages = {13--17}
}

@article{McKelvey:2010fb,
author = {McKelvey, Miechelle L and Hux, Karen and Dietz, Aimee and Beukelman, David R},
title = {{Impact of personal relevance and contextualization on word-picture matching by people with aphasia.}},
journal = {American journal of speech-language pathology / American Speech-Language-Hearing Association},
year = {2010},
volume = {19},
number = {1},
pages = {22--33},
month = feb
}

@article{Schwartz:2006ft,
author = {Schwartz, M and Dell, G and Martin, N and Gahl, S and Sobel, P},
title = {{A case-series test of the interactive two-step model of lexical access: Evidence from picture naming}},
journal = {Journal of Memory and Language},
year = {2006},
volume = {54},
number = {2},
pages = {228--264},
month = feb
}

@article{Donner:1996wa,
author = {Donner, Allan and Eliasziw, M and Klar, Neil},
title = {{Testing the homogeneity of kappa statistics.}},
journal = {Biometrics},
year = {1996},
volume = {52},
number = {1},
pages = {176--183},
month = mar
}

@article{Nicholas:1993wl,
author = {Nicholas, Linda E and Brookshire, Robert H},
title = {{A system for quantifying the informativeness and efficiency of the connected speech of adults with aphasia.}},
journal = {Journal of speech and hearing research},
year = {1993},
volume = {36},
number = {2},
pages = {338--350},
month = apr
}

@article{Grossman:2010gc,
author = {Grossman, Murray},
title = {{Primary progressive aphasia: clinicopathological correlations.}},
journal = {Nature reviews. Neurology},
year = {2010},
volume = {6},
number = {2},
pages = {88--97},
month = feb
}

@article{Dietz:2014hd,
author = {Dietz, Aimee and Weissling, Kristy and Griffith, Julie and McKelvey, Miechelle and Macke, Devan},
title = {{The impact of interface design during an initial high-technology AAC experience: a collective case study of people with aphasia.}},
journal = {Augmentative and alternative communication (Baltimore, Md. : 1985)},
year = {2014},
volume = {30},
number = {4},
pages = {314--328},
month = dec
}

@book{MacWhinney:2000aa,
author = {MacWhinney, Brian},
title = {{The CHILDES Project: Tools for Analyzing Talk}},
publisher = {Lawrence Erlbaum Associates},
year = {2000},
address = {Mahwah, NJ},
edition = {3rd}
}

@article{Dell:1986vk,
author = {Dell, G S},
title = {{A spreading-activation theory of retrieval in sentence production.}},
journal = {Psychological review},
year = {1986},
volume = {93},
number = {3},
pages = {283--321},
month = jul
}

@article{Cohen01041960,
author = {Cohen, Jacob},
title = {{A Coefficient of Agreement for Nominal Scales}},
journal = {Educational and Psychological Measurement},
year = {1960},
volume = {20},
number = {1},
pages = {37--46}
}

@article{Fraser:2015gv,
author = {Fraser, Kathleen C and Meltzer, Jed A and Rudzicz, Frank},
title = {{Linguistic Features Identify Alzheimer's Disease in Narrative Speech.}},
journal = {Journal of Alzheimer's disease : JAD},
year = {2015},
volume = {49},
number = {2},
pages = {407--422},
month = oct
}

@article{Chawluk:1986gg,
author = {Chawluk, John B and Mesulam, M. Marsel and Hurtig, Howard and Kushner, Michael and Weintraub, Sandra and Saykin, Andrew and Rubin, Nan and Alavi, Abass and Reivich, Martin},
title = {{Slowly progressive aphasia without generalized dementia: studies with positron emission tomography.}},
journal = {Annals of neurology},
year = {1986},
volume = {19},
number = {1},
pages = {68--74},
month = jan
}

@article{Warrens:2010fz,
author = {Warrens, Matthijs J},
title = {{Inequalities between multi-rater kappas}},
journal = {Advances in Data Analysis and Classification},
year = {2010},
volume = {4},
number = {4},
pages = {271--286}
}

@article{Milano:2015fp,
author = {Milano, Nicholas J and Williamson, John B and Heilman, Kenneth M},
title = {{Improved verbal learning in the semantic variant of primary progressive aphasia when using semantic cues.}},
journal = {Neurocase},
year = {2015},
volume = {21},
number = {3},
pages = {345--350}
}

@article{Choi:2015ji,
author = {Choi, Yoon-Hee and Park, Hae Kyung and Paik, Nam-Jong},
title = {{A Telerehabilitation Approach for Chronic Aphasia Following Stroke}},
journal = {Telemedicine journal and e-health : the official journal of the American Telemedicine Association},
year = {2015},
pages = {tmj.2015.0138},
month = nov,
annote = {doi: 10.1089/tmj.2015.0138}
}

@article{Gaete:2008jr,
author = {Gaete, Jorge Moncayo and Bogousslavsky, Julien},
title = {{Post-stroke depression.}},
journal = {Expert review of neurotherapeutics},
year = {2008},
volume = {8},
number = {1},
pages = {75--92},
month = jan
}

@article{Fraser:2014bg,
author = {Fraser, Kathleen C and Meltzer, Jed A and Graham, Naida L and Leonard, Carol and Hirst, Graeme and Black, Sandra E and Rochon, Elizabeth},
title = {{Automated classification of primary progressive aphasia subtypes from narrative speech transcripts.}},
journal = {Cortex; a journal devoted to the study of the nervous system and behavior},
year = {2014},
volume = {55},
pages = {43--60},
month = jun
}

@article{Ludbrook:2002tm,
author = {Ludbrook, John},
title = {{Statistical techniques for comparing measurers and methods of measurement: a critical review.}},
journal = {Clinical and experimental pharmacology {\&} physiology},
year = {2002},
volume = {29},
number = {7},
pages = {527--536},
month = jul
}

@inproceedings{GornoTempini:2011ea,
author = {Gorno-Tempini, Maria Luisa and Hillis, A E and Weintraub, Sandra and Kertesz, A and Mendez, M and Cappa, S F and Ogar, J M and Rohrer, J D and Black, S and Boeve, B F and Manes, F and Dronkers, N F and Vandenberghe, R and Rascovsky, K and Patterson, K and Miller, B L and Knopman, D S and Hodges, J R and Mesulam, M. Marsel and Grossman, M},
title = {{Classification of primary progressive aphasia and its variants.}},
booktitle = {Neurology},
year = {2011},
pages = {1006--1014},
organization = {Memory and Aging Center, Department of Neurology, UCSF, 350 Parnassus Avenue, Suite 905, San Francisco, CA 94143-1207, USA. marilu@memory.ucsf.edu},
month = mar
}

@incollection{MacWhinney:2007oq,
author = {MacWhinney, Brian},
title = {{The TalkBank Project}},
booktitle = {Creating and Digitizing Language Corpora: Synchronic Databases},
year = {2007},
editor = {Beal, J C and Corrigan, K P and Moisl, H L},
pages = {163--180},
publisher = {Palgrave-Macmillan}
}

@article{Roach:1996sp,
author = {Roach, April and Schwartz, Myrna F and Martin, Nadine and Grewal, Rita S and Brecher, Adelyn},
title = {{The Philadelphia Naming Test: Scoring and Rationale}},
journal = {Clinical Aphasiology},
year = {1996},
volume = {24},
pages = {121--133}
}

@article{Banerjee:1999kl,
author = {Banerjee, Mousumi and Capozzoli, Michelle and McSweeney, Laura and Sinha, Debajyoti},
title = {{Beyond kappa: A review of interrater agreement measures}},
journal = {Canadian Journal of Statistics},
year = {1999},
volume = {27},
number = {1},
pages = {3--23},
month = mar
}

@article{Johnson:2006fo,
author = {Johnson, Jeanne M and Inglebret, Ella and Jones, Carla and Ray, Jayanti},
title = {{Perspectives of speech language pathologists regarding success versus abandonment of AAC.}},
journal = {Augmentative and alternative communication (Baltimore, Md. : 1985)},
year = {2006},
volume = {22},
number = {2},
pages = {85--99},
month = jun
}

@article{Lasker:2001aa,
author = {Lasker, Joanne and Bedrosian, Jan},
title = {{Promoting acceptance of augmentative and alternative communication by adults with acquired communication disorders}},
journal = {Augmentative and Alternative Communication},
year = {2001},
volume = {17},
number = {3},
pages = {141--153}
}

@article{doi:10.1080/02687030244000707,
author = {Cruice, Madeline and Worrall, Linda and Hickson, Louise and Murison, Robert},
title = {{Finding a focus for quality of life with aphasia: Social and emotional health, and psychological well-being}},
journal = {Aphasiology},
year = {2003},
volume = {17},
number = {4},
pages = {333--353}
}

@article{Wicklund:2004fl,
author = {Wicklund, Alissa H and Johnson, Nancy and Weintraub, Sandra},
title = {{Preservation of reasoning in primary progressive aphasia: further differentiation from Alzheimer's disease and the behavioral presentation of frontotemporal dementia.}},
journal = {Journal of clinical and experimental neuropsychology},
year = {2004},
volume = {26},
number = {3},
pages = {347--355},
month = may
}

@article{GornoTempini:2004hu,
author = {Gorno-Tempini, Maria Luisa and Dronkers, Nina F and Rankin, Katherine P and Ogar, Jennifer M and Phengrasamy, La and Rosen, Howard J and Johnson, Julene K and Weiner, Michael W and Miller, Bruce L},
title = {{Cognition and anatomy in three variants of primary progressive aphasia.}},
journal = {Annals of neurology},
year = {2004},
volume = {55},
number = {3},
pages = {335--346},
month = mar
}

@article{Khayum:2012ef,
author = {Khayum, Becky and Wieneke, Christina and Rogalski, Emily and Robinson, Jaimie and O'Hara, Mary},
title = {{Thinking Outside the Stroke: Treating Primary Progressive Aphasia (PPA).}},
journal = {Perspectives on gerontology},
year = {2012},
volume = {17},
number = {2},
pages = {37--49},
month = may
}

